
    <zs:record>
      <zs:recordSchema/>
      <zs:recordPacking>xml</zs:recordPacking>
      <zs:recordData>
        <record xmlns="http://www.loc.gov/MARC21/slim">
          <leader>01712cam a2200253 a 4500</leader>
          <controlfield tag="001">15180776</controlfield>
          <controlfield tag="005">20090831112835.0</controlfield>
          <controlfield tag="008">080214s2008    moua     f    000 0 eng  </controlfield>
          <datafield tag="906" ind1=" " ind2=" ">
            <subfield code="a">7</subfield>
            <subfield code="b">cbc</subfield>
            <subfield code="c">orignew</subfield>
            <subfield code="d">1</subfield>
            <subfield code="e">ecip</subfield>
            <subfield code="f">20</subfield>
            <subfield code="g">y-gencatlg</subfield>
          </datafield>
          <datafield tag="925" ind1="0" ind2=" ">
            <subfield code="a">acquire</subfield>
            <subfield code="b">2 shelf copies</subfield>
            <subfield code="x">policy default</subfield>
          </datafield>
          <datafield tag="955" ind1=" " ind2=" ">
            <subfield code="a">sh21 2008-02-14</subfield>
            <subfield code="c">sh21 2008-02-14</subfield>
            <subfield code="d">sh13 2008-02-19</subfield>
            <subfield code="e">sh13 2008-02-19 to Dewey</subfield>
            <subfield code="a">aa17 2008-02-21</subfield>
            <subfield code="a">xe10 2008-12-23 1 copy rec'd., to CIP ver.</subfield>
            <subfield code="f">rf17 2009-01-15</subfield>
            <subfield code="g">rf17 2009-01-15 to BCCD</subfield>
            <subfield code="a">Barcode 00239536414 returned from bindery 2009-05-11</subfield>
          </datafield>
          <datafield tag="010" ind1=" " ind2=" ">
            <subfield code="a">  2008005893</subfield>
          </datafield>
          <datafield tag="020" ind1=" " ind2=" ">
            <subfield code="a">9780834123342 (binder, with accompanying resource CD)</subfield>
          </datafield>
          <datafield tag="040" ind1=" " ind2=" ">
            <subfield code="a">DLC</subfield>
            <subfield code="c">DLC</subfield>
            <subfield code="d">DLC</subfield>
          </datafield>
          <datafield tag="050" ind1="0" ind2="0">
            <subfield code="a">BV652</subfield>
            <subfield code="b">.G65 2008</subfield>
          </datafield>
          <datafield tag="082" ind1="0" ind2="0">
            <subfield code="a">254</subfield>
            <subfield code="2">22</subfield>
          </datafield>
          <datafield tag="100" ind1="1" ind2=" ">
            <subfield code="a">Graham, Rose,</subfield>
            <subfield code="d">1958-</subfield>
          </datafield>
          <datafield tag="245" ind1="1" ind2="4">
            <subfield code="a">The church administrative assistant's handbook :</subfield>
            <subfield code="b">a practical guide to maximize the ministry of the pastor and staff /</subfield>
            <subfield code="c">Rose Graham.</subfield>
          </datafield>
          <datafield tag="260" ind1=" " ind2=" ">
            <subfield code="a">Kansas City, Mo. :</subfield>
            <subfield code="b">Beacon Hill Press of Kansas City,</subfield>
            <subfield code="c">2008 .</subfield>
          </datafield>
          <datafield tag="300" ind1=" " ind2=" ">
            <subfield code="a">176 p.  :</subfield>
            <subfield code="b">ill. ;</subfield>
            <subfield code="c">30 cm. +</subfield>
            <subfield code="e">1 CD-ROM (4 3/4 in.).</subfield>
          </datafield>
          <datafield tag="490" ind1="0" ind2=" ">
            <subfield code="a">LifeStream resources</subfield>
          </datafield>
          <datafield tag="505" ind1="0" ind2=" ">
            <subfield code="a">How to use the church administrative assistant's handbook -- To the pastor : a word about your role -- Profiling the position -- Selecting an administrative assistant -- Empowering the pastor -- Reception and office management -- Time management in no time -- Recruiting, mobilizing, and motivating volunteers -- Creating promotions and communications -- Policies -- Procedures and routines -- Forms, lists, and checklists -- Event planning and production -- Templates, talk tracks, and samples.</subfield>
          </datafield>
          <datafield tag="650" ind1=" " ind2="0">
            <subfield code="a">Church management</subfield>
            <subfield code="v">Handbooks, manuals, etc.</subfield>
          </datafield>
          <datafield tag="856" ind1="4" ind2="1">
            <subfield code="3">Table of contents only</subfield>
            <subfield code="u">http://www.loc.gov/catdir/toc/ecip0811/2008005893.html</subfield>
          </datafield>
        </record>
      </zs:recordData>
      <zs:recordPosition>5</zs:recordPosition>
    </zs:record>